@article{skuba,
	author = "Phawat Lertariyasakchai and Thanakorn Panyapiang and Krit Chaiso and Kanjanapan Sukvichai",
	title = {SKUBA 2012 Team Description},
	YEAR =         {2012},
	volume =       {1},
	journal = {Robocup TDP}
}

@article{introducaobldc,
	author = {Padmaraja Yedamale},
	title = {Brushless DC (BLDC) Motor Fundamentals},
	YEAR =         {2003},
	volume =       {1},
	journal = {Microchip Technology Inc.},
}

@MastersThesis{modelomotor,
	Title                    = {BLDC Motor Modelling and Control – A Matlab$^{\small{TM}}$ /Simulink$^{\small{TM}}$
	Implementation},
	Author                   = {Stefán Baldursson},
	School                   = {Institutionen för Energi och Miljö},
	Year                     = {2005},
	Type                     = {Disserta\c{c}\~{a}o de Mestrado}
}

@TECHREPORT{Datasheet,
	AUTHOR =       {Maxon},
	INSTITUTION =  {Maxon Motor$^{\small{TM}}$},
	YEAR =         {2017},
	type =         {Datasheet},
	address =      {<https://www.maxonmotor.com/maxon/view/product/200142>},
}

@TECHREPORT{atmeldiagrama,
	AUTHOR =       {Atmel$^{\small{TM}}$},
	INSTITUTION =  {AVR194: Brushless DC Motor Control using
	ATmega32M1},
	YEAR =         {2008},
	type =         {Application Note},
	address =      {<https://www.maxonmotor.com/maxon/view/product/200142>},
}

@misc{figuramotor,
	Author = {Electrical Technology Store},
	Howpublished = {Site da Electrical Technology Store},
	Title = {Brushless DC Motor: Construction, Working Principle and Applications},
	Url = {https://www.electricaltechnology.org/},
	Urlaccessdate = {\today},
	Year = {2017},
	Bdsk-Url-1 = {https://www.electricaltechnology.org/}
}

@book{ogata1982engenharia,
	author = {Ogata, K.},
	title = {Engenharia de controle moderno},
	year = {1982},
	isbn = {9788587918239},
	edition = {4},
	publisher = {Pearson Prentice Hall},
}

@book{livrocarta,
	author = {Sen, P. C.},
	title = {Principles of Electric Machines and Power Electronics},
	year = {1989},
	edition = {3},
	publisher = {Wiley},
}

@manual{robocupregras,
	Author = {Small Size League Technical Committee},
	Title = {Laws of the RoboCup Small Size League 2017},

	Urlaccessdate = {\today},
	Year = {2017},

}
@misc(Matlab,
key = {MATLAB},
title = {MATLAB},
year = {2017},
note = {The MathWorks, Natick, MA, USA},
}
