%  a sample bibliography file
%  

@BOOK{P.Robotics,
AUTHOR="S. Thrun and W. Burgard and D. Fox",
TITLE="Probabilistic Robotics",
PUBLISHER="MIT Press",
YEAR="2005",
}

@BOOK{nonlinear_filtering,
AUTHOR="D. Grisan and B. Rojovskii",
TITLE="The Oxford Handbook of Nonlinear Filtering",
PUBLISHER="Oxford Univ. Press",
YEAR="2011",
}

@BOOK{Simo_bayesianFiltering,
AUTHOR="Särkkä",
TITLE="Bayesian Filtering and Smoothing",
PUBLISHER="Cambridge University Press",
YEAR="1979",
}

@BOOK{Optimal_Filtering,
AUTHOR="B. D. O. Anderson and J. B. Moore",
TITLE="Optimal Filtering",
PUBLISHER="Prentice-Hall, Inc.",
ADDRESS= "Englewood Cliffs, N.J.",
YEAR="2013",
}

@BOOK{unscented_Filtering,
AUTHOR="S. Julier and J. Uhlmann",
TITLE="Unscented filtering and nonlinear estimation",
PUBLISHER="Proceedings of the IEEE 92(3)",
PAGES="401-422"
YEAR="2013",
}

@BOOK{ukf,
AUTHOR="E. A. Wan and R. V. D. Merwe",
TITLE="The unscented kalman filter for nonlinear estimation",
PAGES="153-158"
YEAR="2000",
}

@article{monte_carlo_localization,
author = {F. Dellaert and D. Fox and w. Burgard and S. Thrun},
title = {Monte Carlo Localization for mobile robots.},
journal = {ICRA},
}

@BOOK{particle_filter,
AUTHOR="B. Ristic and S. Arulampulam and N. Gorlon",
TITLE="Beyond the Kalman Filter: Particle FIlters for Tracking Applications",
PUBLISHER="Artech House",
YEAR="2014",
}

%  The authors mentioned here are almost, but not quite,
%  entirely unrelated to Matt Groening.
